<?xml version="1.0" encoding="UTF-8"?><collection xmlns="http://www.loc.gov/MARC21/slim"><record><leader>00476nam--2200157-i-4500</leader><controlfield tag="001">000010433</controlfield><controlfield tag="002">20161230</controlfield><controlfield tag="005">20170302225547</controlfield><controlfield tag="008">060222s1000------------r-----000-0-eng-d</controlfield><datafield ind1=" " ind2=" " tag="100"><subfield code="a">Canescu, Traian</subfield></datafield><datafield ind1=" " ind2=" " tag="245"><subfield code="a">Manualul electricianului de centrale, statii si retele. Manual pentru scoli profesionale, anul I</subfield></datafield><datafield ind1=" " ind2=" " tag="260"><subfield code="a">Bucuresti</subfield><subfield code="b">Editura Didactica Si Ped</subfield><subfield code="c">1969</subfield></datafield><datafield ind1=" " ind2=" " tag="300"><subfield code="a">247 p</subfield></datafield><datafield ind1=" " ind2=" " tag="700"><subfield code="a">Prisiceanu, Stefan</subfield></datafield><datafield ind1=" " ind2=" " tag="852"><subfield code="a">621.3:029.75</subfield></datafield><datafield ind1=" " ind2=" " tag="CAT"><subfield code="a">SYS</subfield><subfield code="c">20170302</subfield><subfield code="h">225547</subfield></datafield></record></collection>